%% This BibTeX bibliography file was created using BibDesk.
%% https://bibdesk.sourceforge.io/

%% Created for 酒井聖矢 at 2023-07-04 18:49:03 +0900 


%% Saved with string encoding Unicode (UTF-8) 



@article{2003Fukuda,
	Abstract = {Super-Kamiokande is the world's largest water Cherenkov detector, with net mass 50,000 tons. During the period April, 1996 to July, 2001, Super-Kamiokande I collected 1678 live-days of data, observing neutrinos from the Sun, Earth's atmosphere, and the K2K long-baseline neutrino beam with high efficiency. These data provided crucial information for our current understanding of neutrino oscillations, as well as setting stringent limits on nucleon decay. In this paper, we describe the detector in detail, including its site, configuration, data acquisition equipment, online and offline software, and calibration systems which were used during Super-Kamiokande I.},
	Author = {S. Fukuda and Y. Fukuda and T. Hayakawa and E. Ichihara and M. Ishitsuka and Y. Itow and T. Kajita and J. Kameda and K. Kaneyuki and S. Kasuga and K. Kobayashi and Y. Kobayashi and Y. Koshio and M. Miura and S. Moriyama and M. Nakahata and S. Nakayama and T. Namba and Y. Obayashi and A. Okada and M. Oketa and K. Okumura and T. Oyabu and N. Sakurai and M. Shiozawa and Y. Suzuki and Y. Takeuchi and T. Toshito and Y. Totsuka and S. Yamada and S. Desai and M. Earl and J.T. Hong and E. Kearns and M. Masuzawa and M.D. Messier and J.L. Stone and L.R. Sulak and C.W. Walter and W. Wang and K. Scholberg and T. Barszczak and D. Casper and D.W. Liu and W. Gajewski and P.G. Halverson and J. Hsu and W.R. Kropp and S. Mine and L.R. Price and F. Reines and M. Smy and H.W. Sobel and M.R. Vagins and K.S. Ganezer and W.E. Keig and R.W. Ellsworth and S. Tasaka and J.W. Flanagan and A. Kibayashi and J.G. Learned and S. Matsuno and V.J. Stenger and Y. Hayato and T. Ishii and A. Ichikawa and J. Kanzaki and T. Kobayashi and T. Maruyama and K. Nakamura and Y. Oyama and A. Sakai and M. Sakuda and O. Sasaki and S. Echigo and T. Iwashita and M. Kohama and A.T. Suzuki and M. Hasegawa and T. Inagaki and I. Kato and H. Maesaka and T. Nakaya and K. Nishikawa and S. Yamamoto and T.J. Haines and B.K. Kim and R. Sanford and R. Svoboda and E. Blaufuss and M.L. Chen and Z. Conner and J.A. Goodman and E. Guillian and G.W. Sullivan and D. Turcan and A. Habig and M. Ackerman and F. Goebel and J. Hill and C.K. Jung and T. Kato and D. Kerr and M. Malek and K. Martens and C. Mauger and C. McGrew and E. Sharkey and B. Viren and C. Yanagisawa and W. Doki and S. Inaba and K. Ito and M. Kirisawa and M. Kitaguchi and C. Mitsuda and K. Miyano and C. Saji and M. Takahata and M. Takahashi and K. Higuchi and Y. Kajiyama and A. Kusano and Y. Nagashima and K. Nitta and M. Takita and T. Yamaguchi and M. Yoshida and H.I. Kim and S.B. Kim and J. Yoo and H. Okazawa and M. Etoh and K. Fujita and Y. Gando and A. Hasegawa and T. Hasegawa and S. Hatakeyama and K. Inoue and K. Ishihara and T. Iwamoto and M. Koga and I. Nishiyama and H. Ogawa and J. Shirai and A. Suzuki and T. Takayama and F. Tsushima and M. Koshiba and Y. Ichikawa and T. Hashimoto and Y. Hatakeyama and M. Koike and T. Horiuchi and M. Nemoto and K. Nishijima and H. Takeda and H. Fujiyasu and T. Futagami and H. Ishino and Y. Kanaya and M. Morii and H. Nishihama and H. Nishimura and T. Suzuki and Y. Watanabe and D. Kielczewska and U. Golebiewska and H.G. Berns and S.B. Boyd and R.A. Doyle and J.S. George and A.L. Stachyra and L.L. Wai and R.J. Wilkes and K.K. Young and H. Kobayashi},
	Date-Added = {2023-07-04 09:47:23 +0000},
	Date-Modified = {2023-07-04 09:47:23 +0000},
	Doi = {https://doi.org/10.1016/S0168-9002(03)00425-X},
	Issn = {0168-9002},
	Journal = {Nucl. Instrum. Methods Phys. Res., Sect. A},
	Keywords = {Water Cherenkov detector, Super-Kamiokande, Neutrinos, K2K, Cosmic rays},
	Number = {2},
	Pages = {418},
	Title = {The Super-Kamiokande detector},
	Url = {https://www.sciencedirect.com/science/article/pii/S016890020300425X},
	Volume = {501},
	Year = {2003},
	Bdsk-Url-1 = {https://www.sciencedirect.com/science/article/pii/S016890020300425X},
	Bdsk-Url-2 = {https://doi.org/10.1016/S0168-9002(03)00425-X}}
